<?xml version="1.0" encoding="UTF-8"?><collection xmlns="http://www.loc.gov/MARC21/slim"><record><leader>00351nam--2200133-i-4500</leader><controlfield tag="001">000045425</controlfield><controlfield tag="002">20161230</controlfield><controlfield tag="005">20161230201045</controlfield><controlfield tag="008">060222s1000------------r-----000-0-eng-d</controlfield><datafield ind1=" " ind2=" " tag="080"><subfield code="a">621.039.7</subfield></datafield><datafield ind1=" " ind2=" " tag="245"><subfield code="a">Treatment of off-gas from radioactive wastes incinerators</subfield></datafield><datafield ind1=" " ind2=" " tag="260"><subfield code="a">Vienna, Iaea, 1989, 229p</subfield></datafield><datafield ind1=" " ind2=" " tag="490"><subfield code="a">Technical Report Series</subfield></datafield><datafield ind1=" " ind2=" " tag="852"><subfield code="a">1875</subfield></datafield></record></collection>